
@online{dieci,
  author = {MiBAC},
  title  = {L'Italia è un immenso museo all'aperto},
  url    = {https://www.beniculturali.it/mibac/export/MiBAC/sito-MiBAC/Contenuti/Ministero/UfficioStampa/ComunicatiStampa/visualizza_asset.html_1005393905.html}
}


@online{unofresco,
  author = {THE GETTY CONSERVATION INSTITUTE},
  title  = {The Conservation of Wall Paintings},
  url    = {http://d2aohiyo3d3idm.cloudfront.net/publications/virtuallibrary/089236162X.pdf}
}
@online{duewood,
  author = {J.E.Reeb},
  title  = {Wood and Moisture Relationships},
  url    = {https://catalog.extension.oregonstate.edu/em8600}
}
@online{trepaper,
  author = {Wikipedia},
  title  = {Iron gall ink},
  url    = {https://en.wikipedia.org/wiki/Iron_gall_ink}
}
@online{kspace,
  author = {Robert A. Pooley and Michael A. Jacobs and others},
  title  = {MR Imaging Physics Tutorial},
  url    = {https://pdfs.semanticscholar.org/1163/a5adf03b0f0b23deb11ee5c70b1502c8f7e8.pdf}
}


@article{uno,
  author       = {A.T. Watson and C.T. Chang},
  title        = {Characterizing porous media with NMR methods},
  journaltitle = {Progress in Nuclear Magnetic Resonance Spectroscopy},
  volume       = {31},
  pages        = {343-386},
  date         = {1997}
}

@article{due,
  author       = {M.Brai and others},
  title        = {Validity of NMR pore-size analysis of cultural heritage ancient building materials containing magnetic impurities},
  journaltitle = {Solid State Nuclear Magnetic Resonance},
  volume       = {32},
  pages        = {129-135},
  date         = {2007}
}
  @incollection{tre,
  author    = {Brown, Robert J. S. and Fantazzini, Paola and others},
  title     = {Chapter 1 NMR under Confinement: Roots in Retrospect},
  booktitle = {Diffusion NMR of Confined Systems: Fluid Transport in Porous Solids and Heterogeneous Materials},
  year      = {2017},
  pages     = {1-15},
  publisher = {The Royal Society of Chemistry},
  isbn      = {978-1-78262-190-4},
  doi       = {10.1039/9781782623779-00001},
  url       = {http://dx.doi.org/10.1039/9781782623779-00001}
}

@article{quattro,
  author       = {M.Camaiti and V.Bortolotti and P.Fantazzini},
  title        = {Stone porosity, wettability changes and other features detected by MRI and NMR relaxometry: a more than 15-year study},
  journaltitle = {Magnetic Resonance in Chemistry},
  volume       = {53},
  pages        = {34-47},
  year         = {2015}
}
@article{cinque,
  author       = {J. Perlo and B. Blümich and F. Casanova},
  title        = {Mobile single-sided NMR},
  journaltitle = {Progress in Nuclear Magnetic Resonance Spectroscopy},
  volume       = {52},
  pages        = {197-269},
  year         = {2008}
}

@article{sei,
  author       = {Yi-Qiao Song},
  title        = {Cement and Concrete Reaserch},
  journaltitle = {Progress in Nuclear Magnetic Resonance Spectroscopy},
  volume       = {37},
  pages        = {325-328},
  year         = {2007}
}

@article{sette,
  author       = {M.L. Franquelo and others},
  title        = {Comparison between micro-Raman and micro-FTIR spectroscopy techniques for the characterization of pigments from Southern Spain Cultural Heritage},
  journaltitle = {Journal of Molecular Structure},
  volume       = {924-926},
  pages        = {404-412},
  year         = {2009}
}
@article{otto,
  author       = {M. Hain and others},
  title        = {MULTISPECTRAL ANALYSIS OF CULTURAL HERITAGE ARTEFACTS},
  journaltitle = {MEASUREMENT SCIENCE REVIEW},
  volume       = {3},
  year         = {2003}
}
@article{nove,
  author       = {M. P. Morigi and others},
  title        = {Application of X-ray Computed Tomography to Cultural Heritage diagnostics},
  journaltitle = {Applied Physics A},
  volume       = {100},
  pages        = {653–661},
  year         = {2010}
}

@article{undici,
  author       = {G.C.Borgia and R.J.S.Brown and P.Fantazzini},
  title        = {Examples of marginal resolution of NMR relaxation peaks using UPEN and diagnostics},
  journaltitle = {Magnetic Resonance Imaging},
  volume       = {19},
  pages        = {473-475},
  year         = {2001}
}


@phdthesis{dodici,
  author = {Marco Barbieri},
  title  = {The use of mobile single-sided NMR for the diagnosis of osteoporosis: a preliminary study},
  school = {University of Bologna},
  type   = {Tesi di laurea Magistrale},
  year   = {2014/2015}
}

@article{tredici,
  author       = {G.C.Borgia and R.J.S.Brown and P.Fantazzini},
  title        = {Uniform-Penalty Inversion of Multiexponential Decay Data},
  journaltitle = {journal of Magnetic Resonance},
  volume       = {132},
  pages        = {65-77},
  year         = {1998}
}
@article{quattordici,
  author       = {G.C.Borgia and R.J.S.Brown and P.Fantazzini},
  title        = {Uniform-Penalty Inversion of Multiexponential Decay Data: II. Data Spacing, T2 Data, Systematic Data Errors, and Diagnostics},
  journaltitle = {journal of Magnetic Resonance},
  volume       = {147},
  pages        = {273-285},
  year         = {2000}
}

@article{trestone,
  author       = {G.C.Borgia and others},
  title        = {Performance evolution of hydrophobic treatments for stone conservation investigated by MRI},
  journaltitle = {Magnetic Resonance Imaging},
  volume       = {19},
  pages        = {513-516},
  year         = {2001}
}

@article{quattrostone,
  author       = {M. Camaiti and L.Brizi and others},
  title        = {An Environmental Friendly Fluorinated Oligoamide for Producing Nonwetting Coatings with High Performance on Porous Surfaces},
  journaltitle = {ACS Appl. Mater. Interfaces},
  volume       = {9(42)},
  pages        = {37279–37288},
  year         = {2017}
}

@article{seistone,
  author       = {B. Blümich and others},
  title        = {Unilateral NMR for quality control: the NMR-MOUSE},
  journaltitle = {Spectroscopy},
  volume       = {18},
  pages        = {18-34},
  year         = {2007}
}
@article{settestone,
  author       = {L. Brizi and M. Camaiti and others},
  title        = {One and two-dimensional NMR to evaluate the performance of consolidants in porous media with a wide range of pore sizes: Applications to cultural heritage},
  journaltitle = {Microporous and Mesoporous Materials},
  volume       = {269},
  pages        = {186-190},
  year         = {2018}
}

@article{trefresco,
  author       = {N.Proietti and others},
  title        = {Unilateral NMR study of a XVI century wall painted},
  journaltitle = {Journal of Magnetic Resonance},
  volume       = {186(2)},
  pages        = {1311-318},
  year         = {2007}
}

@article{quattrofresco,
  author       = {V. Di Tullio and others},
  title        = {Non-destructive mapping of dampness and salts in degraded wall paintings in hypogeous buildings: the case of St. Clement at mass fresco in St. Clement Basilica, Rome},
  journaltitle = {Analytical and Bioanalytical Chemistry},
  volume       = {396(5)},
  pages        = {1885–1896},
  year         = {2010}
}

@article{cinquefresco,
  author       = {B. Blümich and others},
  title        = {Noninvasive depth profiling of walls by portable nuclear magnetic resonance},
  journaltitle = {Analytical and Bioanalytical Chemistry},
  volume       = {397(7)},
  pages        = {3117–3125},
  year         = {2010}
}

@article{exseifresco,
  author       = {C.Rehorn and B. Blümich},
  title        = {Cultural Heritage Studies with Mobile NMR},
  journaltitle = {Special Issue: Heritage Science Plus Analytical Chemistry, Spectroscopy, and Bioanalysis},
  volume       = {57(25)},
  pages        = {7304-7312},
  year         = {2018}
}
@article{trewood,
  author       = {N.Proietti and others},
  title        = {Unilateral NMR, $^13C$ CPMAS NMR spectroscopy and micro-analytical techniques for studying the materials and state of conservation of an ancient Egyptian wooden sarcophagus},
  journaltitle = {Analytical and Bioanalytical Chemistry},
  volume       = {399(9)},
  pages        = {3117–3131},
  year         = {2011}
}
@article{quattrowood,
  author       = {S.Viel and others},
  title        = {NMR spectroscopy applied to the Cultural Heritage: a preliminary study on ancient wood characterisation},
  journaltitle = {Applied Physics A},
  volume       = {79(2)},
  pages        = {357–361},
  year         = {2004}
}

@article{unopaint,
  author       = {M.P. Colombini and others},
  title        = {Analytical Strategies for Characterizing Organic Paint Media Using Gas Chromatography/Mass Spectrometry},
  journaltitle = {Acc. Chem. Res},
  volume       = {43(6)},
  pages        = {715–727},
  year         = {2010}
}
@article{duepaint,
  author    = {Roel Hendrickx and Ester S.B. Ferreira and Jaap J. Boon and Guylaine Desmarais and Dominique Derome and Lora Angelova and David Mannes and Anders Kaestner and Henk (H.P.) Huinink and Kees (C.J.) Kuijpers and Benjamin Voogt and Emma Richardson},
  title     = {Distribution of moisture in reconstructed oil paintings on canvas during absorption and drying: A neutron radiography and NMR study},
  journal   = {Studies in Conservation},
  volume    = {62},
  number    = {7},
  pages     = {393-409},
  year      = {2017},
  publisher = {Routledge},
  doi       = {10.1080/00393630.2016.1181899},
  url       = { 
        https://doi.org/10.1080/00393630.2016.1181899
    
},
  eprint    = { 
        https://doi.org/10.1080/00393630.2016.1181899
    
}
}
@article{quattropaint,
  author  = {Blümich, Bernhard and Casanova, Federico and Perlo, Juan and Presciutti, Federica and Anselmi, Chiara and Doherty, Brenda},
  title   = {Noninvasive Testing of Art and Cultural Heritage by Mobile NMR},
  journal = {Accounts of Chemical Research},
  volume  = {43},
  number  = {6},
  pages   = {761-770},
  year    = {2010},
  doi     = {10.1021/ar900277h},
  note    = {PMID: 20345119},
  url     = { 
        https://doi.org/10.1021/ar900277h
    
},
  eprint  = { 
        https://doi.org/10.1021/ar900277h
    
}
}
@article{duepaper,
  author       = {C.Casieri and others},
  title        = {A low-resolution non-invasive NMR characterization of ancient paper},
  journaltitle = {Solid State Magnetic Resonance},
  volume       = {26(2)},
  pages        = {65-73},
  year         = {2004}
}
@article{quattropaper,
  author       = {N. Bloembergen},
  title        = {On the interaction of nuclear spins in a crystalline lattice},
  journaltitle = {Physica},
  volume       = {15(3-4)},
  pages        = {386-426},
  year         = {1949}
}
@article{settepaper,
  author       = {N. Proietti and others},
  title        = {Monitoring degradation in paper: non-invasive analysis by unilateral NMR. Part II},
  journaltitle = {Journal of magnetic resonance},
  volume       = {170(1)},
  pages        = {113-120},
  year         = {2004}
}

@article{ottopaper,
  author       = {CLAUDIU SENDREA and others},
  title        = {Unilateral NMR and Micro DSC Study of Artificially Aged Parchments},
  journaltitle = {Revista de Chimie},
  volume       = {68(8)},
  pages        = {1780-1785},
  year         = {2017}
}

@phdthesis{marmotti,
  author = {Giulia Marmotti},
  title  = {Identification of the stratigraphic composition of painting layers by non-invasive magnetic resonance profiling},
  type   = {Physical Methods of Examining Cultural Property},
  year   = {2018/2019}
}
